<?xml version="1.0" encoding="UTF-8"?>
<searchRetrieveResponse xmlns="http://www.loc.gov/zing/srw/">
  <version>1.2</version>
  <numberOfRecords>18</numberOfRecords>
  <records>
    <record>
      <recordSchema>marcxml</recordSchema>
      <recordPacking>xml</recordPacking>
      <recordData>
        <record xmlns="">
          <leader>01330cam a2200361 c 4500</leader>
          <controlfield tag="001">990705558424702201</controlfield>
          <controlfield tag="005">20120416113252.0</controlfield>
          <controlfield tag="007">ta</controlfield>
          <controlfield tag="008">120416s2007    xx#|||||||||||000|u|eng|d</controlfield>
          <datafield tag="020" ind1=" " ind2=" ">
            <subfield code="a">9780521865623</subfield>
            <subfield code="q">ib.</subfield>
          </datafield>
          <datafield tag="020" ind1=" " ind2=" ">
            <subfield code="a">9780521684477</subfield>
            <subfield code="q">h.</subfield>
          </datafield>
          <datafield tag="035" ind1=" " ind2=" ">
            <subfield code="a">070555842-47bibsys_network</subfield>
          </datafield>
          <datafield tag="035" ind1=" " ind2=" ">
            <subfield code="a">(NO-TrBIB)070555842</subfield>
          </datafield>
          <datafield tag="040" ind1=" " ind2=" ">
            <subfield code="a">NO-TrBIB</subfield>
            <subfield code="b">nob</subfield>
            <subfield code="e">katreg</subfield>
          </datafield>
          <datafield tag="080" ind1=" " ind2=" ">
            <subfield code="a">57.087</subfield>
          </datafield>
          <datafield tag="084" ind1=" " ind2=" ">
            <subfield code="a">Fh:48</subfield>
            <subfield code="2">utk</subfield>
          </datafield>
          <datafield tag="084" ind1=" " ind2=" ">
            <subfield code="a">02.0</subfield>
            <subfield code="q">NoOU</subfield>
            <subfield code="2">no-ureal-cb</subfield>
          </datafield>
          <datafield tag="100" ind1="1" ind2=" ">
            <subfield code="a">Doncaster, C. Patrick</subfield>
            <subfield code="0">(NO-TrBIB)7069076</subfield>
          </datafield>
          <datafield tag="245" ind1="1" ind2="0">
            <subfield code="a">Analysis of variance and covariance :</subfield>
            <subfield code="b">how to choose and construct models for the life sciences</subfield>
            <subfield code="c">C. Patrick Doncaster and Andrew J.H. Davey</subfield>
          </datafield>
          <datafield tag="260" ind1=" " ind2=" ">
            <subfield code="a">Cambridge</subfield>
            <subfield code="b">Cambridge University Press</subfield>
            <subfield code="c">2007</subfield>
          </datafield>
          <datafield tag="300" ind1=" " ind2=" ">
            <subfield code="a">XIII, 287 s.</subfield>
            <subfield code="b">ill.</subfield>
          </datafield>
          <datafield tag="650" ind1=" " ind2="7">
            <subfield code="a">Statistiske modeller</subfield>
            <subfield code="2">noubomn</subfield>
          </datafield>
          <datafield tag="650" ind1=" " ind2="7">
            <subfield code="a">Anova</subfield>
            <subfield code="2">noubomn</subfield>
          </datafield>
          <datafield tag="650" ind1=" " ind2="7">
            <subfield code="a">Variansanalyse</subfield>
            <subfield code="2">noubomn</subfield>
          </datafield>
          <datafield tag="650" ind1=" " ind2="7">
            <subfield code="a">Eksperimenter</subfield>
            <subfield code="2">noubomn</subfield>
          </datafield>
          <datafield tag="650" ind1=" " ind2="7">
            <subfield code="a">Analyser</subfield>
            <subfield code="2">noubomn</subfield>
          </datafield>
          <datafield tag="650" ind1=" " ind2="7">
            <subfield code="a">Design</subfield>
            <subfield code="2">noubomn</subfield>
          </datafield>
          <datafield tag="650" ind1=" " ind2="7">
            <subfield code="a">Modeller</subfield>
            <subfield code="2">noubomn</subfield>
          </datafield>
          <datafield tag="650" ind1=" " ind2="7">
            <subfield code="a">Matematisk biologi</subfield>
            <subfield code="2">noubomn</subfield>
          </datafield>
          <datafield tag="653" ind1=" " ind2=" ">
            <subfield code="a">variansanalyse</subfield>
            <subfield code="a">anova</subfield>
            <subfield code="a">eksperimentelt</subfield>
            <subfield code="a">design</subfield>
            <subfield code="a">statistiske</subfield>
            <subfield code="a">modeller</subfield>
            <subfield code="a">eksperimenter</subfield>
            <subfield code="a">analyser</subfield>
            <subfield code="a">biologi</subfield>
          </datafield>
          <datafield tag="700" ind1="1" ind2=" ">
            <subfield code="a">Davey, Andrew J.H.</subfield>
            <subfield code="0">(NO-TrBIB)7069075</subfield>
          </datafield>
          <datafield tag="776" ind1="0" ind2=" ">
            <subfield code="t">Analysis of variance and covariance : how to choose and construct models for the life sciences</subfield>
            <subfield code="w">991408037004702201</subfield>
          </datafield>
          <datafield tag="901" ind1=" " ind2=" ">
            <subfield code="a">80</subfield>
          </datafield>
        </record>
      </recordData>
      <recordPosition>1</recordPosition>
    </record>