
    <record>
      <recordSchema>marcxml</recordSchema>
      <recordPacking>xml</recordPacking>
      <recordData>
        <record xmlns="">
          <leader>01802cam a2200457 c 4500</leader>
          <controlfield tag="001">999726190464702201</controlfield>
          <controlfield tag="005">20070417103110.0</controlfield>
          <controlfield tag="007">ta</controlfield>
          <controlfield tag="008">070417s1997    xx#|||||||||||000|u|eng|</controlfield>
          <datafield tag="015" ind1=" " ind2=" ">
            <subfield code="a">9905096</subfield>
            <subfield code="2">nbf</subfield>
          </datafield>
          <datafield tag="020" ind1=" " ind2=" ">
            <subfield code="z">8278611996</subfield>
            <subfield code="q">h.</subfield>
          </datafield>
          <datafield tag="035" ind1=" " ind2=" ">
            <subfield code="a">972619046-47bibsys_network</subfield>
          </datafield>
          <datafield tag="035" ind1=" " ind2=" ">
            <subfield code="a">(NO-TrBIB)972619046</subfield>
          </datafield>
          <datafield tag="040" ind1=" " ind2=" ">
            <subfield code="a">NO-OsNB</subfield>
            <subfield code="b">nob</subfield>
            <subfield code="e">katreg</subfield>
          </datafield>
          <datafield tag="042" ind1=" " ind2=" ">
            <subfield code="a">norbibl</subfield>
          </datafield>
          <datafield tag="044" ind1=" " ind2=" ">
            <subfield code="c">no</subfield>
          </datafield>
          <datafield tag="080" ind1=" " ind2=" ">
            <subfield code="a">575.17</subfield>
          </datafield>
          <datafield tag="082" ind1="7" ind2="4">
            <subfield code="a">575.15</subfield>
            <subfield code="q">NO-OsNB</subfield>
            <subfield code="2">4/nor</subfield>
          </datafield>
          <datafield tag="084" ind1=" " ind2=" ">
            <subfield code="a">Fh:93</subfield>
            <subfield code="2">utk</subfield>
          </datafield>
          <datafield tag="084" ind1=" " ind2=" ">
            <subfield code="a">30.0</subfield>
            <subfield code="q">NoOU</subfield>
            <subfield code="2">no-ureal-cb</subfield>
          </datafield>
          <datafield tag="100" ind1="1" ind2=" ">
            <subfield code="a">Tufto, Jarle</subfield>
            <subfield code="0">(NO-TrBIB)90776300</subfield>
          </datafield>
          <datafield tag="245" ind1="1" ind2="0">
            <subfield code="a">Gene flow and genetic drift in geographically structured populations :</subfield>
            <subfield code="b">ecological, population genetic, and statistical models</subfield>
            <subfield code="c">Jarle Tufto</subfield>
          </datafield>
          <datafield tag="260" ind1=" " ind2=" ">
            <subfield code="a">Trondheim</subfield>
            <subfield code="b">Norwegian University of Science and Technology, Faculty of Chemistry and Biology, Department of Zoology</subfield>
            <subfield code="c">1997</subfield>
          </datafield>
          <datafield tag="300" ind1=" " ind2=" ">
            <subfield code="a">1 b. (flere pag.)</subfield>
            <subfield code="b">diagr.</subfield>
            <subfield code="c">26 cm</subfield>
          </datafield>
          <datafield tag="500" ind1=" " ind2=" ">
            <subfield code="a">Utgitt i tilknytning til prosjektet Gene Flow from Genetically Modified Organisms to Wild Relatives</subfield>
          </datafield>
          <datafield tag="500" ind1=" " ind2=" ">
            <subfield code="a">Delvis opptrykk av artikler</subfield>
          </datafield>
          <datafield tag="502" ind1=" " ind2=" ">
            <subfield code="a">Avhandling (dr. scient.) - Norges teknisk-naturvitenskapelige universitet, Trondheim, 1997</subfield>
          </datafield>
          <datafield tag="650" ind1=" " ind2="7">
            <subfield code="a">Statistiske modeller</subfield>
            <subfield code="2">noubomn</subfield>
          </datafield>
          <datafield tag="650" ind1=" " ind2="7">
            <subfield code="a">Genetisk drift</subfield>
            <subfield code="2">noubomn</subfield>
          </datafield>
          <datafield tag="650" ind1=" " ind2="7">
            <subfield code="a">Gener</subfield>
            <subfield code="2">noubomn</subfield>
          </datafield>
          <datafield tag="650" ind1=" " ind2="7">
            <subfield code="a">Populasjonsgenetikk</subfield>
            <subfield code="2">noubomn</subfield>
          </datafield>
          <datafield tag="650" ind1=" " ind2="7">
            <subfield code="a">Statistikk</subfield>
            <subfield code="2">noubomn</subfield>
          </datafield>
          <datafield tag="650" ind1=" " ind2="7">
            <subfield code="a">Zoologi</subfield>
            <subfield code="2">noubomn</subfield>
          </datafield>
          <datafield tag="650" ind1=" " ind2="7">
            <subfield code="a">Geografi</subfield>
            <subfield code="2">noubomn</subfield>
          </datafield>
          <datafield tag="650" ind1=" " ind2="7">
            <subfield code="a">Modeller</subfield>
            <subfield code="2">noubomn</subfield>
          </datafield>
          <datafield tag="650" ind1=" " ind2="7">
            <subfield code="a">Populasjonsgenetikk</subfield>
            <subfield code="2">tekord</subfield>
          </datafield>
          <datafield tag="653" ind1=" " ind2=" ">
            <subfield code="a">gener</subfield>
            <subfield code="a">populasjonsgenetikk</subfield>
            <subfield code="a">geografi</subfield>
            <subfield code="a">statistikk</subfield>
            <subfield code="a">doktoravhandlinger</subfield>
            <subfield code="a">genflyt</subfield>
            <subfield code="a">genetisk</subfield>
            <subfield code="a">drift</subfield>
            <subfield code="a">statistiske</subfield>
            <subfield code="a">modeller</subfield>
            <subfield code="a">dr.scient.</subfield>
            <subfield code="a">zoologi</subfield>
          </datafield>
          <datafield tag="710" ind1="2" ind2=" ">
            <subfield code="a">Gene Flow from Genetically Modified Organisms to Wild Relatives (prosjekt)</subfield>
            <subfield code="0">(NO-TrBIB)99000804</subfield>
          </datafield>
          <datafield tag="901" ind1=" " ind2=" ">
            <subfield code="a">90</subfield>
          </datafield>
          <datafield tag="913" ind1=" " ind2=" ">
            <subfield code="a">Norbok</subfield>
            <subfield code="b">NB</subfield>
          </datafield>
          <datafield tag="917" ind1=" " ind2=" ">
            <subfield code="a">d</subfield>
          </datafield>
        </record>
      </recordData>
      <recordPosition>3</recordPosition>
    </record>