
    <record>
      <recordSchema>marcxml</recordSchema>
      <recordPacking>xml</recordPacking>
      <recordData>
        <record xmlns="">
          <leader>01031cam a2200325 c 4500</leader>
          <controlfield tag="001">990715687274702201</controlfield>
          <controlfield tag="005">20151019130341.0</controlfield>
          <controlfield tag="007">ta</controlfield>
          <controlfield tag="008">151019s2007    xx#|||||||||||000|u|eng|d</controlfield>
          <datafield tag="020" ind1=" " ind2=" ">
            <subfield code="a">9780470028582</subfield>
            <subfield code="q">ib.</subfield>
          </datafield>
          <datafield tag="035" ind1=" " ind2=" ">
            <subfield code="a">071568727-47bibsys_network</subfield>
          </datafield>
          <datafield tag="035" ind1=" " ind2=" ">
            <subfield code="a">(NO-TrBIB)071568727</subfield>
          </datafield>
          <datafield tag="040" ind1=" " ind2=" ">
            <subfield code="a">NO-TrBIB</subfield>
            <subfield code="b">nob</subfield>
            <subfield code="e">katreg</subfield>
          </datafield>
          <datafield tag="080" ind1=" " ind2=" ">
            <subfield code="a">55:519.2</subfield>
          </datafield>
          <datafield tag="084" ind1=" " ind2=" ">
            <subfield code="a">J142</subfield>
            <subfield code="2">utk</subfield>
          </datafield>
          <datafield tag="100" ind1="1" ind2=" ">
            <subfield code="a">Webster, Richard</subfield>
            <subfield code="d">1933-</subfield>
            <subfield code="0">(NO-TrBIB)90154248</subfield>
          </datafield>
          <datafield tag="245" ind1="1" ind2="0">
            <subfield code="a">Geostatistics for environmental scientists</subfield>
            <subfield code="c">Richard Webster, Margaret A. Oliver</subfield>
          </datafield>
          <datafield tag="250" ind1=" " ind2=" ">
            <subfield code="a">2nd ed.</subfield>
          </datafield>
          <datafield tag="260" ind1=" " ind2=" ">
            <subfield code="a">Chichester</subfield>
            <subfield code="b">Wiley</subfield>
            <subfield code="c">c2007</subfield>
          </datafield>
          <datafield tag="300" ind1=" " ind2=" ">
            <subfield code="a">XII, 315 s.</subfield>
            <subfield code="b">ill.</subfield>
          </datafield>
          <datafield tag="490" ind1="1" ind2=" ">
            <subfield code="a">Statistics in practice</subfield>
          </datafield>
          <datafield tag="650" ind1=" " ind2="7">
            <subfield code="a">Statistikk</subfield>
            <subfield code="2">noubomn</subfield>
          </datafield>
          <datafield tag="650" ind1=" " ind2="7">
            <subfield code="a">Geovitenskap</subfield>
            <subfield code="2">noubomn</subfield>
          </datafield>
          <datafield tag="650" ind1=" " ind2="7">
            <subfield code="a">Geostatistikk</subfield>
            <subfield code="2">noubomn</subfield>
          </datafield>
          <datafield tag="650" ind1=" " ind2="7">
            <subfield code="a">Geologi</subfield>
            <subfield code="x">Statistiske modeller</subfield>
            <subfield code="2">tekord</subfield>
          </datafield>
          <datafield tag="653" ind1=" " ind2=" ">
            <subfield code="a">geostatistikk</subfield>
            <subfield code="a">statistikk</subfield>
            <subfield code="a">geofag</subfield>
          </datafield>
          <datafield tag="700" ind1="1" ind2=" ">
            <subfield code="a">Oliver, Margaret A.</subfield>
            <subfield code="0">(NO-TrBIB)90553740</subfield>
          </datafield>
          <datafield tag="776" ind1="0" ind2=" ">
            <subfield code="t">Geostatistics for environmental scientists</subfield>
            <subfield code="w">991408458874702201</subfield>
          </datafield>
          <datafield tag="830" ind1=" " ind2="0">
            <subfield code="a">Statistics in practice</subfield>
          </datafield>
          <datafield tag="901" ind1=" " ind2=" ">
            <subfield code="a">80</subfield>
          </datafield>
        </record>
      </recordData>
      <recordPosition>4</recordPosition>
    </record>