
    <record>
      <recordSchema>marcxml</recordSchema>
      <recordPacking>xml</recordPacking>
      <recordData>
        <record xmlns="">
          <leader>01600cam a2200409 c 4500</leader>
          <controlfield tag="001">990300842614702201</controlfield>
          <controlfield tag="005">20150907102900.0</controlfield>
          <controlfield tag="007">ta</controlfield>
          <controlfield tag="008">150907s2002    xx#|||||||||||000|u|eng|d</controlfield>
          <datafield tag="020" ind1=" " ind2=" ">
            <subfield code="a">1584881658</subfield>
            <subfield code="q">h.</subfield>
          </datafield>
          <datafield tag="035" ind1=" " ind2=" ">
            <subfield code="a">030084261-47bibsys_network</subfield>
          </datafield>
          <datafield tag="035" ind1=" " ind2=" ">
            <subfield code="a">(NO-TrBIB)030084261</subfield>
          </datafield>
          <datafield tag="040" ind1=" " ind2=" ">
            <subfield code="a">NO-TrBIB</subfield>
            <subfield code="b">nob</subfield>
            <subfield code="e">katreg</subfield>
          </datafield>
          <datafield tag="080" ind1=" " ind2=" ">
            <subfield code="a">519.2</subfield>
          </datafield>
          <datafield tag="082" ind1="0" ind2="4">
            <subfield code="a">519.536</subfield>
            <subfield code="q">NoOU</subfield>
            <subfield code="2">23</subfield>
          </datafield>
          <datafield tag="084" ind1=" " ind2=" ">
            <subfield code="a">62.55</subfield>
            <subfield code="2">msc</subfield>
          </datafield>
          <datafield tag="100" ind1="1" ind2=" ">
            <subfield code="a">Dobson, Annette J.</subfield>
            <subfield code="0">(NO-TrBIB)90347856</subfield>
          </datafield>
          <datafield tag="245" ind1="1" ind2="3">
            <subfield code="a">An introduction to generalized linear models</subfield>
            <subfield code="c">Annette J. Dobson</subfield>
          </datafield>
          <datafield tag="250" ind1=" " ind2=" ">
            <subfield code="a">2nd ed.</subfield>
          </datafield>
          <datafield tag="260" ind1=" " ind2=" ">
            <subfield code="a">London</subfield>
            <subfield code="b">Chapman and Hall</subfield>
            <subfield code="c">2002</subfield>
          </datafield>
          <datafield tag="300" ind1=" " ind2=" ">
            <subfield code="a">VII, 225 s.</subfield>
            <subfield code="b">fig.</subfield>
          </datafield>
          <datafield tag="490" ind1="1" ind2=" ">
            <subfield code="a">Texts in statistical science</subfield>
          </datafield>
          <datafield tag="500" ind1=" " ind2=" ">
            <subfield code="a">Også utgitt: Boca Raton, Fla. : CRC</subfield>
          </datafield>
          <datafield tag="650" ind1=" " ind2="7">
            <subfield code="a">Generaliserte lineære modeller</subfield>
            <subfield code="2">noubomn</subfield>
          </datafield>
          <datafield tag="650" ind1=" " ind2="7">
            <subfield code="a">Regresjonsanalyse</subfield>
            <subfield code="2">noubomn</subfield>
          </datafield>
          <datafield tag="650" ind1=" " ind2="7">
            <subfield code="a">Statistiske modeller</subfield>
            <subfield code="2">noubomn</subfield>
          </datafield>
          <datafield tag="650" ind1=" " ind2="7">
            <subfield code="a">Lineære modeller</subfield>
            <subfield code="2">noubomn</subfield>
          </datafield>
          <datafield tag="650" ind1=" " ind2="7">
            <subfield code="a">Modeller</subfield>
            <subfield code="2">noubomn</subfield>
          </datafield>
          <datafield tag="650" ind1=" " ind2="7">
            <subfield code="a">Statistiske metoder</subfield>
            <subfield code="2">tekord</subfield>
          </datafield>
          <datafield tag="653" ind1=" " ind2=" ">
            <subfield code="a">statistiske</subfield>
            <subfield code="a">modeller</subfield>
            <subfield code="a">lineære</subfield>
          </datafield>
          <datafield tag="776" ind1="0" ind2=" ">
            <subfield code="t">An introduction to generalized linear models</subfield>
            <subfield code="w">990412776274702201</subfield>
          </datafield>
          <datafield tag="830" ind1=" " ind2="0">
            <subfield code="a">Texts in statistical science</subfield>
          </datafield>
          <datafield tag="856" ind1="4" ind2="2">
            <subfield code="3">Beskrivelse fra forlaget (kort)</subfield>
            <subfield code="u">http://content.bibsys.no/content/?type=descr_publ_brief&amp;isbn=1584881658</subfield>
          </datafield>
          <datafield tag="856" ind1="4" ind2="2">
            <subfield code="3">Beskrivelse fra forlaget (lang)</subfield>
            <subfield code="u">http://content.bibsys.no/content/?type=descr_publ_full&amp;isbn=1584881658</subfield>
          </datafield>
          <datafield tag="856" ind1="4" ind2="2">
            <subfield code="3">Innholdsfortegnelse</subfield>
            <subfield code="u">http://content.bibsys.no/content/?type=toc&amp;isbn=1584881658</subfield>
          </datafield>
          <datafield tag="856" ind1="4" ind2="2">
            <subfield code="3">Omslagsbilde</subfield>
            <subfield code="u">http://innhold.bibsys.no/bilde/forside/?size=mini&amp;id=1584881658.JPG</subfield>
            <subfield code="q">image/jpeg</subfield>
          </datafield>
          <datafield tag="901" ind1=" " ind2=" ">
            <subfield code="a">80</subfield>
          </datafield>
        </record>
      </recordData>
      <recordPosition>6</recordPosition>
    </record>