
    <record>
      <recordSchema>marcxml</recordSchema>
      <recordPacking>xml</recordPacking>
      <recordData>
        <record xmlns="">
          <leader>01011cam a2200325 c 4500</leader>
          <controlfield tag="001">990702627724702201</controlfield>
          <controlfield tag="005">20130828131505.0</controlfield>
          <controlfield tag="007">ta</controlfield>
          <controlfield tag="008">130828s2007    xx#|||||||||||000|u|eng|d</controlfield>
          <datafield tag="020" ind1=" " ind2=" ">
            <subfield code="a">0387329072</subfield>
            <subfield code="q">ib.</subfield>
          </datafield>
          <datafield tag="020" ind1=" " ind2=" ">
            <subfield code="a">9780387329079</subfield>
            <subfield code="q">ib.</subfield>
          </datafield>
          <datafield tag="035" ind1=" " ind2=" ">
            <subfield code="a">070262772-47bibsys_network</subfield>
          </datafield>
          <datafield tag="035" ind1=" " ind2=" ">
            <subfield code="a">(NO-TrBIB)070262772</subfield>
          </datafield>
          <datafield tag="040" ind1=" " ind2=" ">
            <subfield code="a">NO-TrBIB</subfield>
            <subfield code="b">nob</subfield>
            <subfield code="e">katreg</subfield>
          </datafield>
          <datafield tag="084" ind1=" " ind2=" ">
            <subfield code="a">62.99</subfield>
            <subfield code="2">msc</subfield>
          </datafield>
          <datafield tag="084" ind1=" " ind2=" ">
            <subfield code="a">62P99</subfield>
            <subfield code="2">msc</subfield>
          </datafield>
          <datafield tag="100" ind1="1" ind2=" ">
            <subfield code="a">Diggle, Peter</subfield>
            <subfield code="0">(NO-TrBIB)90286866</subfield>
          </datafield>
          <datafield tag="245" ind1="1" ind2="0">
            <subfield code="a">Model-based geostatistics</subfield>
            <subfield code="c">Peter J. Diggle, Paulo J. Ribeiro Jr.</subfield>
          </datafield>
          <datafield tag="260" ind1=" " ind2=" ">
            <subfield code="a">New York</subfield>
            <subfield code="b">Springer</subfield>
            <subfield code="c">c2007</subfield>
          </datafield>
          <datafield tag="300" ind1=" " ind2=" ">
            <subfield code="a">XIIII, 228 s.</subfield>
            <subfield code="b">ill.</subfield>
          </datafield>
          <datafield tag="490" ind1="1" ind2=" ">
            <subfield code="a">Springer series in statistics</subfield>
          </datafield>
          <datafield tag="650" ind1=" " ind2="7">
            <subfield code="a">Statistiske modeller</subfield>
            <subfield code="2">noubomn</subfield>
          </datafield>
          <datafield tag="650" ind1=" " ind2="7">
            <subfield code="a">Geostatistikk</subfield>
            <subfield code="2">noubomn</subfield>
          </datafield>
          <datafield tag="650" ind1=" " ind2="7">
            <subfield code="a">Geologi</subfield>
            <subfield code="2">noubomn</subfield>
          </datafield>
          <datafield tag="650" ind1=" " ind2="7">
            <subfield code="a">Modeller</subfield>
            <subfield code="2">noubomn</subfield>
          </datafield>
          <datafield tag="653" ind1=" " ind2=" ">
            <subfield code="a">geostatistikk</subfield>
            <subfield code="a">geologi</subfield>
            <subfield code="a">statistiske</subfield>
            <subfield code="a">modeller</subfield>
          </datafield>
          <datafield tag="700" ind1="1" ind2=" ">
            <subfield code="a">Ribeiro, Paulo J.</subfield>
            <subfield code="0">(NO-TrBIB)9065169</subfield>
          </datafield>
          <datafield tag="776" ind1="0" ind2=" ">
            <subfield code="t">Model-based Geostatistics</subfield>
            <subfield code="w">990805023344702201</subfield>
          </datafield>
          <datafield tag="830" ind1=" " ind2="0">
            <subfield code="a">Springer series in statistics</subfield>
          </datafield>
          <datafield tag="901" ind1=" " ind2=" ">
            <subfield code="a">80</subfield>
          </datafield>
        </record>
      </recordData>
      <recordPosition>12</recordPosition>
    </record>