
    <record>
      <recordSchema>marcxml</recordSchema>
      <recordPacking>xml</recordPacking>
      <recordData>
        <record xmlns="">
          <leader>01055cam a2200361 c 4500</leader>
          <controlfield tag="001">999325491524702201</controlfield>
          <controlfield tag="005">20131105143506.0</controlfield>
          <controlfield tag="007">ta</controlfield>
          <controlfield tag="008">131105s1970    xx#|||||||||||000|u|eng|d</controlfield>
          <datafield tag="015" ind1=" " ind2=" ">
            <subfield code="a">7002109</subfield>
            <subfield code="2">nbf</subfield>
          </datafield>
          <datafield tag="020" ind1=" " ind2=" ">
            <subfield code="a">0852641664</subfield>
          </datafield>
          <datafield tag="035" ind1=" " ind2=" ">
            <subfield code="a">932549152-47bibsys_network</subfield>
          </datafield>
          <datafield tag="035" ind1=" " ind2=" ">
            <subfield code="a">(NO-TrBIB)932549152</subfield>
          </datafield>
          <datafield tag="040" ind1=" " ind2=" ">
            <subfield code="a">NO-TrBIB</subfield>
            <subfield code="b">nob</subfield>
            <subfield code="e">katreg</subfield>
          </datafield>
          <datafield tag="044" ind1=" " ind2=" ">
            <subfield code="c">gb</subfield>
          </datafield>
          <datafield tag="080" ind1=" " ind2=" ">
            <subfield code="a">519.2</subfield>
          </datafield>
          <datafield tag="080" ind1=" " ind2=" ">
            <subfield code="a">630.0--015.5</subfield>
          </datafield>
          <datafield tag="082" ind1="7" ind2="4">
            <subfield code="a">519</subfield>
            <subfield code="q">NO-OsNB</subfield>
            <subfield code="2">3/nor</subfield>
          </datafield>
          <datafield tag="084" ind1=" " ind2=" ">
            <subfield code="a">62</subfield>
            <subfield code="2">msc</subfield>
          </datafield>
          <datafield tag="100" ind1="1" ind2=" ">
            <subfield code="a">Ottestad, Per</subfield>
            <subfield code="0">(NO-TrBIB)90288346</subfield>
          </datafield>
          <datafield tag="245" ind1="1" ind2="0">
            <subfield code="a">Statistical models and their experimental application</subfield>
          </datafield>
          <datafield tag="260" ind1=" " ind2=" ">
            <subfield code="a">London</subfield>
            <subfield code="b">Griffin</subfield>
            <subfield code="c">1970</subfield>
          </datafield>
          <datafield tag="300" ind1=" " ind2=" ">
            <subfield code="a">VIII, 88 s.</subfield>
            <subfield code="b">Tab.</subfield>
          </datafield>
          <datafield tag="490" ind1="1" ind2=" ">
            <subfield code="a">Griffin's statistical monographs and courses</subfield>
            <subfield code="v">25</subfield>
          </datafield>
          <datafield tag="650" ind1=" " ind2="0">
            <subfield code="a">Experimental design</subfield>
          </datafield>
          <datafield tag="650" ind1=" " ind2="7">
            <subfield code="a">Statistiske modeller</subfield>
            <subfield code="2">noubomn</subfield>
          </datafield>
          <datafield tag="650" ind1=" " ind2="7">
            <subfield code="a">Statistikk</subfield>
            <subfield code="2">noubomn</subfield>
          </datafield>
          <datafield tag="650" ind1=" " ind2="7">
            <subfield code="a">Modeller</subfield>
            <subfield code="2">noubomn</subfield>
          </datafield>
          <datafield tag="650" ind1=" " ind2="7">
            <subfield code="a">Matematisk statistikk</subfield>
            <subfield code="2">noubomn</subfield>
          </datafield>
          <datafield tag="653" ind1=" " ind2=" ">
            <subfield code="a">statistiske</subfield>
            <subfield code="a">modeller</subfield>
            <subfield code="a">matematisk</subfield>
            <subfield code="a">statistikk</subfield>
          </datafield>
          <datafield tag="830" ind1=" " ind2="0">
            <subfield code="a">Griffin's statistical monographs and courses</subfield>
            <subfield code="v">25</subfield>
          </datafield>
          <datafield tag="901" ind1=" " ind2=" ">
            <subfield code="a">80</subfield>
          </datafield>
          <datafield tag="913" ind1=" " ind2=" ">
            <subfield code="a">Norbok</subfield>
            <subfield code="b">NB</subfield>
          </datafield>
        </record>
      </recordData>
      <recordPosition>14</recordPosition>
    </record>