
    <record>
      <recordSchema>marcxml</recordSchema>
      <recordPacking>xml</recordPacking>
      <recordData>
        <record xmlns="">
          <leader>01433cam a2200385 c 4500</leader>
          <controlfield tag="001">990402943664702201</controlfield>
          <controlfield tag="005">20140307210428.0</controlfield>
          <controlfield tag="007">ta</controlfield>
          <controlfield tag="008">140307s2004    xx#|||||||||||000|u|eng|d</controlfield>
          <datafield tag="020" ind1=" " ind2=" ">
            <subfield code="a">0387202706</subfield>
            <subfield code="q">ib.</subfield>
          </datafield>
          <datafield tag="035" ind1=" " ind2=" ">
            <subfield code="a">040294366-47bibsys_network</subfield>
          </datafield>
          <datafield tag="035" ind1=" " ind2=" ">
            <subfield code="a">(NO-TrBIB)040294366</subfield>
          </datafield>
          <datafield tag="040" ind1=" " ind2=" ">
            <subfield code="a">NO-TrBIB</subfield>
            <subfield code="b">nob</subfield>
            <subfield code="e">katreg</subfield>
          </datafield>
          <datafield tag="080" ind1=" " ind2=" ">
            <subfield code="a">519.2:336.7</subfield>
          </datafield>
          <datafield tag="080" ind1=" " ind2=" ">
            <subfield code="a">519.2:336.2</subfield>
          </datafield>
          <datafield tag="080" ind1=" " ind2=" ">
            <subfield code="a">519.2</subfield>
            <subfield code="2">UDC Medium edition</subfield>
          </datafield>
          <datafield tag="084" ind1=" " ind2=" ">
            <subfield code="a">62.01</subfield>
            <subfield code="2">msc</subfield>
          </datafield>
          <datafield tag="084" ind1=" " ind2=" ">
            <subfield code="a">62P05</subfield>
            <subfield code="2">msc</subfield>
          </datafield>
          <datafield tag="100" ind1="1" ind2=" ">
            <subfield code="a">Ruppert, David</subfield>
            <subfield code="0">(NO-TrBIB)90357568</subfield>
          </datafield>
          <datafield tag="245" ind1="1" ind2="0">
            <subfield code="a">Statistics and finance :</subfield>
            <subfield code="b">an introduction</subfield>
            <subfield code="c">David Ruppert</subfield>
          </datafield>
          <datafield tag="260" ind1=" " ind2=" ">
            <subfield code="a">New York</subfield>
            <subfield code="b">Springer</subfield>
            <subfield code="c">c2004</subfield>
          </datafield>
          <datafield tag="300" ind1=" " ind2=" ">
            <subfield code="a">XX, 473 s.</subfield>
            <subfield code="b">ill.</subfield>
          </datafield>
          <datafield tag="490" ind1="1" ind2=" ">
            <subfield code="a">Springer texts in statistics</subfield>
          </datafield>
          <datafield tag="650" ind1=" " ind2="0">
            <subfield code="a">Finance</subfield>
            <subfield code="x">Statistical methods</subfield>
          </datafield>
          <datafield tag="650" ind1=" " ind2="0">
            <subfield code="a">Statistics</subfield>
          </datafield>
          <datafield tag="650" ind1=" " ind2="7">
            <subfield code="a">Modeller</subfield>
            <subfield code="2">noubomn</subfield>
          </datafield>
          <datafield tag="650" ind1=" " ind2="7">
            <subfield code="a">Statistiske modeller</subfield>
            <subfield code="2">noubomn</subfield>
          </datafield>
          <datafield tag="650" ind1=" " ind2="7">
            <subfield code="a">Matematisk statistikk</subfield>
            <subfield code="x">Finanser</subfield>
            <subfield code="2">tekord</subfield>
          </datafield>
          <datafield tag="653" ind1=" " ind2=" ">
            <subfield code="a">statistiske</subfield>
            <subfield code="a">modeller</subfield>
            <subfield code="a">finans</subfield>
          </datafield>
          <datafield tag="830" ind1=" " ind2="0">
            <subfield code="a">Springer texts in statistics</subfield>
          </datafield>
          <datafield tag="856" ind1="4" ind2="2">
            <subfield code="3">Beskrivelse fra forlaget (kort)</subfield>
            <subfield code="u">http://content.bibsys.no/content/?type=descr_publ_brief&amp;isbn=0387202706</subfield>
          </datafield>
          <datafield tag="856" ind1="4" ind2="2">
            <subfield code="3">Beskrivelse fra forlaget (lang)</subfield>
            <subfield code="u">http://content.bibsys.no/content/?type=descr_publ_full&amp;isbn=0387202706</subfield>
          </datafield>
          <datafield tag="856" ind1="4" ind2="2">
            <subfield code="3">Innholdsfortegnelse</subfield>
            <subfield code="u">http://content.bibsys.no/content/?type=toc&amp;isbn=0387202706</subfield>
          </datafield>
          <datafield tag="856" ind1="4" ind2="2">
            <subfield code="3">Omslagsbilde</subfield>
            <subfield code="u">http://innhold.bibsys.no/bilde/forside/?size=mini&amp;id=0387202706.JPG</subfield>
            <subfield code="q">image/jpeg</subfield>
          </datafield>
          <datafield tag="901" ind1=" " ind2=" ">
            <subfield code="a">80</subfield>
          </datafield>
        </record>
      </recordData>
      <recordPosition>15</recordPosition>
    </record>