
    <record>
      <recordSchema>marcxml</recordSchema>
      <recordPacking>xml</recordPacking>
      <recordData>
        <record xmlns="">
          <leader>01395cam a2200409 c 4500</leader>
          <controlfield tag="001">990007432084702201</controlfield>
          <controlfield tag="005">20121127142226.0</controlfield>
          <controlfield tag="007">ta</controlfield>
          <controlfield tag="008">121127s2000    xx#|||||||||||000|u|eng|d</controlfield>
          <datafield tag="020" ind1=" " ind2=" ">
            <subfield code="a">0387987576</subfield>
            <subfield code="q">h.</subfield>
          </datafield>
          <datafield tag="035" ind1=" " ind2=" ">
            <subfield code="a">000743208-47bibsys_network</subfield>
          </datafield>
          <datafield tag="035" ind1=" " ind2=" ">
            <subfield code="a">(NO-TrBIB)000743208</subfield>
          </datafield>
          <datafield tag="040" ind1=" " ind2=" ">
            <subfield code="a">NO-TrBIB</subfield>
            <subfield code="b">nob</subfield>
            <subfield code="e">katreg</subfield>
          </datafield>
          <datafield tag="080" ind1=" " ind2=" ">
            <subfield code="a">551.51:51</subfield>
          </datafield>
          <datafield tag="084" ind1=" " ind2=" ">
            <subfield code="a">62.99</subfield>
            <subfield code="2">msc</subfield>
          </datafield>
          <datafield tag="084" ind1=" " ind2=" ">
            <subfield code="a">62P12</subfield>
            <subfield code="2">msc</subfield>
          </datafield>
          <datafield tag="245" ind1="0" ind2="0">
            <subfield code="a">Studies in the atmospheric sciences</subfield>
            <subfield code="c">L. Mark Berliner, Douglas Nychka, Timothy Hoar (editors)</subfield>
          </datafield>
          <datafield tag="260" ind1=" " ind2=" ">
            <subfield code="a">New York</subfield>
            <subfield code="b">Springer</subfield>
            <subfield code="c">c2000</subfield>
          </datafield>
          <datafield tag="300" ind1=" " ind2=" ">
            <subfield code="a">X, 199 s.</subfield>
            <subfield code="b">ill.</subfield>
          </datafield>
          <datafield tag="490" ind1="1" ind2=" ">
            <subfield code="a">Lecture notes in statistics</subfield>
            <subfield code="v">144</subfield>
          </datafield>
          <datafield tag="650" ind1=" " ind2="0">
            <subfield code="a">Atmospheric physics</subfield>
            <subfield code="x">Mathematical models</subfield>
          </datafield>
          <datafield tag="650" ind1=" " ind2="0">
            <subfield code="a">Atmospheric physics</subfield>
            <subfield code="x">Statistical methods</subfield>
          </datafield>
          <datafield tag="650" ind1=" " ind2="0">
            <subfield code="a">Geophysics</subfield>
            <subfield code="x">Mathematical models</subfield>
          </datafield>
          <datafield tag="650" ind1=" " ind2="7">
            <subfield code="a">Statistiske modeller</subfield>
            <subfield code="2">noubomn</subfield>
          </datafield>
          <datafield tag="650" ind1=" " ind2="7">
            <subfield code="a">Atmosfæren</subfield>
            <subfield code="2">noubomn</subfield>
          </datafield>
          <datafield tag="650" ind1=" " ind2="7">
            <subfield code="a">Metoder</subfield>
            <subfield code="2">noubomn</subfield>
          </datafield>
          <datafield tag="650" ind1=" " ind2="7">
            <subfield code="a">Klimatologi</subfield>
            <subfield code="2">noubomn</subfield>
          </datafield>
          <datafield tag="650" ind1=" " ind2="7">
            <subfield code="a">Modeller</subfield>
            <subfield code="2">noubomn</subfield>
          </datafield>
          <datafield tag="650" ind1=" " ind2="7">
            <subfield code="a">Fysikk</subfield>
            <subfield code="2">noubomn</subfield>
          </datafield>
          <datafield tag="650" ind1=" " ind2="7">
            <subfield code="a">Atmosfæren</subfield>
            <subfield code="x">Matematiske modeller</subfield>
            <subfield code="2">tekord</subfield>
          </datafield>
          <datafield tag="653" ind1=" " ind2=" ">
            <subfield code="a">statistiske</subfield>
            <subfield code="a">modeller</subfield>
            <subfield code="a">metoder</subfield>
            <subfield code="a">klomatologi</subfield>
            <subfield code="a">atmosfæren</subfield>
            <subfield code="a">fysikk</subfield>
          </datafield>
          <datafield tag="700" ind1="1" ind2=" ">
            <subfield code="a">Berliner, L. Mark</subfield>
            <subfield code="0">(NO-TrBIB)38591</subfield>
          </datafield>
          <datafield tag="700" ind1="1" ind2=" ">
            <subfield code="a">Nychka, Douglas</subfield>
            <subfield code="0">(NO-TrBIB)98065361</subfield>
          </datafield>
          <datafield tag="700" ind1="1" ind2=" ">
            <subfield code="a">Hoar, Timothy</subfield>
            <subfield code="0">(NO-TrBIB)38589</subfield>
          </datafield>
          <datafield tag="776" ind1="0" ind2=" ">
            <subfield code="t">Studies in the Atmospheric Sciences</subfield>
            <subfield code="w">991445606824702201</subfield>
          </datafield>
          <datafield tag="830" ind1=" " ind2="0">
            <subfield code="a">Lecture notes in statistics</subfield>
            <subfield code="v">144</subfield>
          </datafield>
          <datafield tag="901" ind1=" " ind2=" ">
            <subfield code="a">80</subfield>
          </datafield>
        </record>
      </recordData>
      <recordPosition>17</recordPosition>
    </record>